<?xml version="1.0" encoding="UTF-8"?>
<marc:record xmlns:marc="http://www.loc.gov/MARC21/slim"
             xmlns:xsi="http://www.w3.org/2001/XMLSchema-instance">
   <marc:leader>01163cam a22002893i 4500</marc:leader>
   <marc:controlfield tag="001">71086662</marc:controlfield>
   <marc:controlfield tag="005">20221005155549.3</marc:controlfield>
   <marc:controlfield tag="008">950315s1935    wau     o    s000 0 eng d</marc:controlfield>
   <marc:datafield tag="040" ind1=" " ind2=" ">
      <marc:subfield code="a">AGL</marc:subfield>
      <marc:subfield code="b">eng</marc:subfield>
      <marc:subfield code="c">AGL</marc:subfield>
      <marc:subfield code="d">OCLCO</marc:subfield>
      <marc:subfield code="d">OCLCQ</marc:subfield>
      <marc:subfield code="d">OCLCO</marc:subfield>
      <marc:subfield code="d">AGL</marc:subfield>
   </marc:datafield>
   <marc:datafield tag="016" ind1="7" ind2=" ">
      <marc:subfield code="a">CAT10904592</marc:subfield>
      <marc:subfield code="2">DNAL</marc:subfield>
   </marc:datafield>
   <marc:datafield tag="043" ind1=" " ind2=" ">
      <marc:subfield code="a">n-us-wa</marc:subfield>
   </marc:datafield>
   <marc:datafield tag="070" ind1="0" ind2=" ">
      <marc:subfield code="a">280.7</marc:subfield>
      <marc:subfield code="b">W276</marc:subfield>
   </marc:datafield>
   <marc:datafield tag="072" ind1=" " ind2="0">
      <marc:subfield code="a">X700</marc:subfield>
   </marc:datafield>
   <marc:datafield tag="049" ind1=" " ind2=" ">
      <marc:subfield code="a">AGLL</marc:subfield>
   </marc:datafield>
   <marc:datafield tag="110" ind1="2" ind2=" ">
      <marc:subfield code="a">Washington State Planning Council.</marc:subfield>
      <marc:subfield code="b">Committee on New Industries.</marc:subfield>
   </marc:datafield>
   <marc:datafield tag="245" ind1="1" ind2="0">
      <marc:subfield code="a">Preliminary report on new industries.</marc:subfield>
   </marc:datafield>
   <marc:datafield tag="260" ind1=" " ind2=" ">
      <marc:subfield code="a">[Olympia],</marc:subfield>
      <marc:subfield code="c">1935.</marc:subfield>
   </marc:datafield>
   <marc:datafield tag="300" ind1=" " ind2=" ">
      <marc:subfield code="a">1 v. (40 unnumbered leaves)</marc:subfield>
   </marc:datafield>
   <marc:datafield tag="336" ind1=" " ind2=" ">
      <marc:subfield code="a">text</marc:subfield>
      <marc:subfield code="b">txt</marc:subfield>
      <marc:subfield code="2">rdacontent</marc:subfield>
   </marc:datafield>
   <marc:datafield tag="337" ind1=" " ind2=" ">
      <marc:subfield code="a">unmediated</marc:subfield>
      <marc:subfield code="b">n</marc:subfield>
      <marc:subfield code="2">rdamedia</marc:subfield>
   </marc:datafield>
   <marc:datafield tag="338" ind1=" " ind2=" ">
      <marc:subfield code="a">volume</marc:subfield>
      <marc:subfield code="b">nc</marc:subfield>
      <marc:subfield code="2">rdacarrier</marc:subfield>
   </marc:datafield>
   <marc:datafield tag="650" ind1=" " ind2="0">
      <marc:subfield code="a">Industries</marc:subfield>
      <marc:subfield code="z">Washington (State)</marc:subfield>
   </marc:datafield>
   <marc:datafield tag="650" ind1=" " ind2="7">
      <marc:subfield code="a">industries (organizations)</marc:subfield>
      <marc:subfield code="2">aat</marc:subfield>
      <marc:subfield code="0">(CStmoGRI)aat300025995</marc:subfield>
   </marc:datafield>
   <marc:datafield tag="650" ind1=" " ind2="7">
      <marc:subfield code="a">industry (economic concept)</marc:subfield>
      <marc:subfield code="2">aat</marc:subfield>
      <marc:subfield code="0">(CStmoGRI)aat300055718</marc:subfield>
   </marc:datafield>
   <marc:datafield tag="650" ind1=" " ind2="7">
      <marc:subfield code="a">Industries.</marc:subfield>
      <marc:subfield code="2">fast</marc:subfield>
      <marc:subfield code="0">(OCoLC)fst00971852</marc:subfield>
   </marc:datafield>
   <marc:datafield tag="776" ind1="0" ind2="8">
      <marc:subfield code="i">Online version:</marc:subfield>
      <marc:subfield code="a">Washington State Planning Council. Division of New Industries.</marc:subfield>
      <marc:subfield code="t">Preliminary report on new industries.</marc:subfield>
      <marc:subfield code="d">[Olympia] 1935</marc:subfield>
      <marc:subfield code="w">(OCoLC)952419200</marc:subfield>
   </marc:datafield>
   <marc:datafield tag="856" ind1="4" ind2="1">
      <marc:subfield code="3">HathiTrust Digital Library</marc:subfield>
      <marc:subfield code="u">http://catalog.hathitrust.org/api/volumes/oclc/41802650.html</marc:subfield>
   </marc:datafield>
</marc:record>
